@article{calders2010three,
  	title={Three {N}a\"{i}ve {B}ayes {A}pproaches for {D}iscrimination-free {C}lassification},
  	author={Calders, Toon and Verwer, Sicco},
  	journal={Data Mining and Knowledge Discovery},
  	volume={21},
  	number={2},
  	pages={277--292},
  	year={2010},
  	publisher={Springer},
	note={URL: \url{https://link.springer.com/content/pdf/10.1007/s10618-010-0190-x.pdf}}}

@inproceedings{calmon2017optimized,
  	title={Optimized {P}re-processing for {D}iscrimination {P}revention},
  	author={Calmon, Flavio and Wei, Dennis and Vinzamuri, Bhanukiran and Ramamurthy, Karthikeyan Natesan and Varshney, Kush R.},
  	booktitle={Advances in Neural Information Processing Systems},
  	pages={3992--4001},
  	year={2017},
	note={URL: \url{http://papers.nips.cc/paper/6988-optimized-pre-processing-for-discrimination-prevention.pdf}}}

@inproceedings{feldman2015certifying,
  	title={Certifying and {R}emoving {D}isparate {I}mpact},
  	author={Feldman, Michael and Friedler, Sorelle A. and Moeller, John and Scheidegger, Carlos and Venkatasubramanian, Suresh},
 	 booktitle={Proceedings of the 21th ACM SIGKDD International Conference on Knowledge Discovery and Data Mining},
  	pages={259--268},
  	year={2015},
  	organization={ACM},
	note={URL: \url{https://arxiv.org/pdf/1412.3756.pdf}}}

@inproceedings{hardt2016equality,
  	title={Equality of {O}pportunity in {S}upervised {L}earning},
  	author={Hardt, Moritz and Price, Eric and Srebro, Nati and others},
  	booktitle={Advances in neural information processing systems},
  	pages={3315--3323},
  	year={2016},
	note={URL: \url{http://papers.nips.cc/paper/6374-equality-of-opportunity-in-supervised-learning.pdf}}}

@inproceedings{vartak2016m,
  	title={Model {D}{B}: {A} {S}ystem for {M}achine {L}earning {M}odel {M}anagement},
  	author={Vartak, Manasi and Subramanyam, Harihar and Lee, Wei-En and Viswanathan, Srinidhi and Husnoo, Saadiyah and Madden, Samuel and Zaharia, Matei},
  	booktitle={Proceedings of the Workshop on Human-In-the-Loop Data Analytics},
  	pages={14},
  	year={2016},
  	organization={ACM},
        note={URL: \url{https://www-cs.stanford.edu/~matei/papers/2016/hilda_modeldb.pdf}}}

@article{lime-sup,
	title={Locally {I}nterpretable {M}odels and {E}ffects {B}ased on {S}upervised {P}artitioning (LIME-SUP)},
	author={Linwei Hu and Jie Chen and Vijayan N. Nair and Agus Sudjianto},
	journal={arXiv preprint arXiv:1806.00663},
	note={URL: \url{https://arxiv.org/ftp/arxiv/papers/1806/1806.00663.pdf}},
	year={2018}}

@article{kamiran2012data,
 	title={Data {P}reprocessing {T}echniques for {C}lassification {W}ithout {D}iscrimination},
  	author={Kamiran, Faisal and Calders, Toon},
  	journal={Knowledge and Information Systems},
  	volume={33},
  	number={1},
  	pages={1--33},
  	year={2012},
  	publisher={Springer},
	note={URL: \url{https://link.springer.com/content/pdf/10.1007/s10115-011-0463-8.pdf}}}

@inproceedings{kanter2016label,
  	title={Label, {S}egment, {F}eaturize: {A} {C}ross {D}omain {F}ramework for {P}rediction {E}ngineering},
  	author={Kanter, James Max and Gillespie, Owen and Veeramachaneni, Kalyan},
  	booktitle={Data Science and Advanced Analytics (DSAA), 2016 IEEE International Conference on},
  	pages={430--439},
  	year={2016},
  	organization={IEEE},
	note={URL: \url{http://www.jmaxkanter.com/static/papers/DSAA_LSF_2016.pdf}}}

@inproceedings{kanter2015deep,
  	title={Deep {F}eature {S}ynthesis: Towards {A}utomating {D}ata {S}cience {E}ndeavors},
  	author={Kanter, James Max and Veeramachaneni, Kalyan},
  	booktitle={Data Science and Advanced Analytics (DSAA), 2015. 36678 2015. IEEE International Conference on},
  	pages={1--10},
  	year={2015},
  	organization={IEEE},
	note={URL: \url{https://groups.csail.mit.edu/EVO-DesignOpt/groupWebSite/uploads/Site/DSAA_DSM_2015.pdf}}}

@article{keinan2004fair,
  	title={Fair {A}ttribution of {F}unctional {C}ontribution in {A}rtificial and {B}iological {N}etworks},
  	author={Keinan, Alon and Sandbank, Ben and Hilgetag, Claus C and Meilijson, Isaac and Ruppin, Eytan},
  	journal={Neural Computation},
  	volume={16},
  	number={9},
  	pages={1887--1915},
  	year={2004},
  	publisher={MIT Press},
	note={URL: \url{https://www.researchgate.net/profile/Isaac_Meilijson/publication/2474580_Fair_Attribution_of_Functional_Contribution_in_Artificial_and_Biological_Networks/links/09e415146df8289373000000/Fair-Attribution-of-Functional-Contribution-in-Artificial-and-Biological-Networks.pdf}}}

@article{kononenko2010efficient,
  	title={An {E}fficient {E}xplanation of {I}ndividual {C}lassifications {U}sing {G}ame {T}heory},
  	author={Kononenko, Igor and others},
  	journal={Journal of Machine Learning Research},
  	volume={11},
  	number={Jan},
  	pages={1--18},
  	year={2010},
        note={URL: \url{http://www.jmlr.org/papers/volume11/strumbelj10a/strumbelj10a.pdf}}}

@incollection{tree_shap,
	title={Consistent {I}ndividualized {F}eature {A}ttribution for {T}ree {E}nsembles},
	author={Lundberg, Scott M. and Erion, Gabriel G. and Lee, Su-In},
	booktitle={Proceedings of the 2017 ICML Workshop on Human Interpretability in Machine Learning (WHI 2017)},
	pages={15--21},
	editor={Been Kim and Dmitry M. Malioutov and Kush R. Varshney and Adrian Weller},
	year={2017},
	note={URL: \url{https://openreview.net/pdf?id=ByTKSo-m-}},
	publisher={ICML WHI 2017},
	organization={ICML}}

@article{lipovetsky2001analysis,
  	title={Analysis of {R}egression in {G}ame {T}heory {A}pproach},
  	author={Lipovetsky, Stan and Conklin, Michael},
  	journal={Applied Stochastic Models in Business and Industry},
  	volume={17},
  	number={4},
  	pages={319--330},
  	year={2001},
  	publisher={Wiley Online Library}}

@incollection{shapley,
	title={A {U}nified {A}pproach to {I}nterpreting {M}odel {P}redictions},
	author={Lundberg, Scott M and Lee, Su-In},
	booktitle={Advances in Neural Information Processing Systems 30},
	editor={I. Guyon and U. V. Luxburg and S. Bengio and H. Wallach and R. Fergus and S. Vishwanathan and R. Garnett},
	pages={4765--4774},
	year={2017},
	publisher={Curran Associates, Inc.},
	note={URL: \url{http://papers.nips.cc/paper/7062-a-unified-approach-to-interpreting-model-predictions.pdf}}}

@inproceedings{lime,
	title={Why {S}hould {I} {T}rust {Y}ou?: {E}xplaining the {P}redictions of {A}ny {C}lassifier},
	author={Marco Tulio Ribeiro and Sameer Singh and Carlos Guestrin},
	booktitle={Proceedings of the 22nd ACM SIGKDD International Conference on Knowledge Discovery and Data Mining},
	pages={1135--1144},
	year={2016},
	note={URL: \url{http://www.kdd.org/kdd2016/papers/files/rfp0573-ribeiroA.pdf}},
	organization={ACM}}

@article{please_stop,
 	title={Please Stop Explaining Black Box Models for High Stakes Decisions},
 	author={Rudin, Cynthia},
  	note={URL: \url{https://arxiv.org/pdf/1811.10154.pdf}},
  	journal={arXiv preprint arXiv:1811.10154},
  	year={2018}}

@article{wf_xnn,
 	title={Explainable {N}eural {N}etworks {B}ased on {A}dditive {I}ndex {M}odels},
  	author={Vaughan, Joel and Sudjianto, Agus and Brahimi, Erind and Chen, Jie and Nair, Vijayan N},
  	journal={arXiv preprint arXiv:1806.01933},
  	note={URL: \url{https://arxiv.org/pdf/1806.01933.pdf}},
  	year={2018}}

@article{shapley1953value,
  	title={A {V}alue for {N}-{P}erson {G}ames},
  	author={Shapley, Lloyd S},
  	journal={Contributions to the Theory of Games},
  	volume={2},
  	number={28},
  	pages={307--317},
  	year={1953},
	note={URL: \url{http://www.library.fa.ru/files/Roth2.pdf\#page=39}}}

@book{shapley1988shapley,
  	title={The Shapley Value: Essays in Honor of Lloyd S. Shapley},
  	author={Shapley, Lloyd S and Roth, Alvin E and others},
  	year={1988},
  	publisher={Cambridge University Press},
	note={URL: \url{http://www.library.fa.ru/files/Roth2.pdf}}}

@book{wilkinson2006grammar,
  	title={The {G}rammar of {G}raphics},
  	author={Wilkinson, Leland},
  	year={2006}}

@article{wilkinson2018visualizing,
  	title={Visualizing Big Data Outliers through Distributed Aggregation},
  	author={Wilkinson, Leland},
  	journal={IEEE Transactions on Visualization \& Computer Graphics},
  	year={2018},
  	publisher={IEEE},
	note={URL: \url{https://www.cs.uic.edu/~wilkinson/Publications/outliers.pdf}}}

@inproceedings{sbrl,
  	title={Scalable {B}ayesian {R}ule {L}ists},
  	author={Hongyu Yang and Cynthia Rudin and Margo Seltzer},
  	booktitle={Proceedings of the 34th International Conference on Machine Learning {(ICML)}},
  	note={URL: \url{https://arxiv.org/pdf/1602.08610.pdf}},
  	year={2017}}

@inproceedings{agrawal2000privacy,
  	title={Privacy-{P}reserving {D}ata {M}ining},
  	author={Agrawal, Rakesh and Srikant, Ramakrishnan},
  	booktitle={ACM Sigmod Record},
  	volume={29},
  	number={2},
  	pages={439--450},
  	year={2000},
  	organization={ACM},
  	note={URL: \url{http://alme1.almaden.ibm.com/cs/projects/iis/hdb/Publications/papers/sigmod00_privacy.pdf}}}

@inproceedings{amershi2015modeltracker,
  	title={Modeltracker: {R}edesigning {P}erformance {A}nalysis {T}ools for {M}achine {L}earning},
  	author={Amershi, Saleema and Chickering, Max and Drucker, Steven M and Lee, Bongshin and Simard, Patrice and Suh, Jina},
  	booktitle={Proceedings of the 33rd Annual ACM Conference on Human Factors in Computing Systems},
  	pages={337--346},
  	year={2015},
  	organization={ACM},
  	note={URL: \url{https://www.microsoft.com/en-us/research/wp-content/uploads/2016/02/amershi.CHI2015.ModelTracker.pdf}}}
	
@inproceedings{papernot2018marauder,
  	title={A {M}arauder's {M}ap of {S}ecurity and {P}rivacy in {M}achine {L}earning: {A}n overview of current and future research directions for making machine learning secure and private},
  	author={Papernot, Nicolas},
  	booktitle={Proceedings of the 11th ACM Workshop on Artificial Intelligence and Security},
  	year={2018},
  	organization={ACM},
	note={URL: \url{https://arxiv.org/pdf/1811.01134.pdf}}}
